@InProceedings{cloog,
	author =        {Bastoul, C\'{e}dric},
	title =         {Code Generation in the Polyhedral Model Is Easier Than You Think},
	booktitle =     {{PACT'13 IEEE} International Conference on Parallel Architecture and Compilation Techniques},
	keywords =      {Iterative Polyhedral Transformations},
	year =          2004,
	pages =         {7--16},
	month =         sep,
	address =       {Juan-les-Pins, France},
	note = 	  {Classement CORE~:~A, nombre de papiers accept\'es~:~23, soumis~:~122, student award},
	URL =           {http://hal.ccsd.cnrs.fr/ccsd-00017260},
	pdf =           {http://hal.ccsd.cnrs.fr/docs/00/05/52/29/PDF/bastoul2004code.pdf}
}


@misc{pollywiki,
	title = {Polly Project Page},
	howpublished = {http://wiki.llvm.org/Polyhedral\_optimization\_framework}
}

@misc{llvmpass,
	title = {Writing an LLVM Pass},
	howpublished = {http://llvm.org/docs/WritingAnLLVMPass.html}
}

@misc{lice,
	title = {{LLVM} Lincence Document},
	howpublished = {http://llvm.org/releases/2.8/LICENSE.TXT}
}
@misc{llvm,
	title = {{LLVM} Project Home Page},
	howpublished = {http://llvm.org}
}


@misc{parfor,
	title =  {Implementing {FOR}},
	howpublished = {http://gcc.gnu.org/onlinedocs/libgomp/Implementing-FOR-construct.html}
}

@misc{kaleid,
	title = {{LLVM} Function Code Generation},
	howpublished = {http://llvm.org/docs/tutorial/LangImpl3.html\#funcs}
}

@misc{libgomp,
	title =         {libgomp Manual},
	howpublished = {http://gcc.gnu.org/onlinedocs/libgomp/}
}
@misc{clang,
	title = {Clang Project Home page},
	howpublished = {http://clang.llvm.org}
}


@article{pgo,
	author = {R. Gupta and E. Mehofer and Y. Zhan},
	publisher = {CRC Press},
	journal =     {The Compiler Design Handbook: Optimizations and Machine Code Generation},
	title = {Profile Guided Compiler Optimization},
	year = 2002
}
@article{scop,
	author = {Sebastian Pop},
	journal =     {GREPS: International Workshop on GCC for Research in Embedded and Parallel Systems},
	title = {Towards a Declarative Polyhedral Representation}
}
@MastersThesis{openmp,
	author     =     {J. Stadler},
	title     =     {Towards dynamic threading support for OpenMP},
	address     =     {ETH Zurich},
	year     =     {2009},
	month     =     {Jan}
}

@inproceedings{pluto,
	author = {Bondhugula, Uday and Hartono, Albert and Ramanujam, J. and Sadayappan, P.},
	title = {A practical automatic polyhedral parallelizer and locality optimizer},
	booktitle = {Proceedings of the 2008 ACM SIGPLAN conference on Programming language design and implementation},
	series = {PLDI '08},
	year = {2008},
	isbn = {978-1-59593-860-2},
	location = {Tucson, AZ, USA},
	pages = {101--113},
	numpages = {13},
	url = {http://doi.acm.org/10.1145/1375581.1375595},
	doi = {http://doi.acm.org/10.1145/1375581.1375595},
	acmid = {1375595},
	publisher = {ACM},
	address = {New York, NY, USA},
	keywords = {affine transformations, automatic parallelization, locality optimization, loop transformations, polyhedral model, tiling},
} 

@inproceedings{uday08pldi,
 author = {Bondhugula, Uday and Hartono, Albert and Ramanujam, J. and Sadayappan, P.},
 title = {A practical automatic polyhedral parallelizer and locality optimizer},
 booktitle = {Proceedings of the 2008 ACM SIGPLAN conference on Programming language design and implementation},
 series = {PLDI '08},
 year = {2008},
 pages = {101--113},
 acmid = {1375595},
} 
@incollection {Baskaran10,
   author = {Baskaran, Muthu and Ramanujam, J. and Sadayappan, P.},
   affiliation = {The Ohio State University USA},
   title = {Automatic {C-to-CUDA} Code Generation for Affine Programs},
   booktitle = {Compiler Construction},
   series = {Lecture Notes in Computer Science},
   isbn = {},
   pages = {244-263},
   volume = {6011},
   year = {2010}
}
@inproceedings{Baghdadi_puttingautomatic,
    title = { {P}utting {A}utomatic {P}olyhedral {C}ompilation for {GPGPU} to {W}ork},
    author = {{B}aghdadi, {S}oufiane and {G}r{\"o}{\ss}linger, {A}rmin and {C}ohen, {A}lbert},
    booktitle = {{P}roceedings of the 15th {W}orkshop on {C}ompilers for {P}arallel {C}omputers ({CPC}'10) },
    month = {07},
    year = {2010},
}

@incollection{RISSET:2008,
    title = { {H}igh-{L}evel {S}ynthesis of {L}oops {U}sing the {P}olyhedral
{M}odel},
    author = {{R}isset, {T}anguy and {D}errien, {S}teven and {Q}uinton,
{P}atrice and {R}ajopadhye, {S}anjay},
    booktitle = {{H}igh-{L}evel {S}ynthesis : {F}rom {A}lgorithm to {D}igital
{C}ircuit },
    pages = {215-230 },
    editor = {{P}. {C}oussy and {A}. {M}orawiec },
    year = {2008},
}

@conference{pollypaper,
	title = {{P}olly-{P}olyhedral optimization in {LLVM}},
        author = {Tobias, Grosser and Hongbin, Zheng and Raghesh, Aloor and Andreas, Simb{\"u}rger and {G}r{\"o}{\ss}linger, Armin and Louis-No{\"e}l, Pouchet},
        booktitle = {{F}irst International workshop on {P}olyhedrAl {C}ompilation {T}echniques - {IMPACT - 2011}},
	year = {2011}
}

@article{10.1109/CGO.2004.1281665,
author = {Chris Lattner and Vikram Adve},
title = {{LLVM}: A Compilation Framework for Lifelong Program Analysis \& Transformation},
journal ={Code Generation and Optimization, IEEE/ACM International Symposium on},
volume = {0},
year = {2004},
pages = {75},
}

@other{tiobe11,
  author =   {\mbox{TIOBE Software BV}},
  title =    {{TIOBE} Programming Community Index},
  year =   {2011},
  month =    jan,
  howpublished={\url{http://www.tiobe.com/index.php/content/paperinfo/tpci/index.html}}
}
@InProceedings{benabderrahmane.10.cc,
  author =   { Mohamed-Walid Benabderrahmane and Louis-No{\"e}l Pouchet and Albert Cohen and C{\'e}dric Bastoul  },
  title =    { The Polyhedral Model Is More Widely Applicable Than You Think.  },
  booktitle = { ETAPS International Conference on Compiler Construction (CC'2010) },
  pages =    {283--303},
  year =   {2010},
  month =    mar,
}
@inproceedings{Johnson,
 author = {Johnson, Richard and Pearson, David and Pingali, Keshav},
 title = {The program structure tree: computing control regions in linear time},
 booktitle = {Proceedings of the ACM SIGPLAN 1994 conference on Programming language design and implementation},
 series = {PLDI '94},
 year = {1994},
 pages = {171--185},
 numpages = {15},
} 
@INPROCEEDINGS{Engelen01,                                                       
    author = {Robert A. Van Engelen},                                           
    title = {Efficient Symbolic Analysis for Optimizing Compilers},             
    booktitle = {In Proceedings of the International Conference on Compiler Construction},
    series = {ETAPS CC 'O1},                                                    
    year = {2001},                                                              
    pages = {118--132}                                                          
}    
@incollection {Verdoolaege10,
   author = {Verdoolaege, Sven},
   affiliation = {Department of Computer Science, Katholieke Universiteit Leuven, Belgium},
   title = {ISL: An Integer Set Library for the Polyhedral Model},
   booktitle = {Mathematical Software - ICMS 2010},
   series = {Lecture Notes in Computer Science},
   pages = {299-302},
   volume = {6327},
   year = {2010}
}
@article {girbal,
   author = {Girbal, Sylvain and Vasilache, Nicolas and Bastoul, CÃ©dric and Cohen, Albert and Parello, David and Sigler, Marc and Temam, Olivier},
   affiliation = {Paris-Sud 11 University ALCHEMY Group, INRIA Futurs and LRI Orsay Cedex France},
   title = {Semi-Automatic Composition of Loop Transformations for Deep Parallelism and Memory Hierarchies},
   journal = {International Journal of Parallel Programming},
   pages = {261-317},
   volume = {34},
   issue = {3},
   year = {2006}
}
@misc{rfc4627,
  author="D. Crockford",
  title="{The application/json Media Type for JavaScript Object Notation (JSON)}",
  series="Request for Comments",
  number="4627",
  howpublished="RFC 4627 (Informational)",
  publisher="IETF",
  organization="Internet Engineering Task Force",
  year=2006,
  month=jul,
  url="http://www.ietf.org/rfc/rfc4627.txt",
}

@InProceedings{Bas04b,
  author = 	 {C\'{e}dric Bastoul},
  title = 	 {Code Generation in the Polyhedral Model Is Easier Than You Think},
  booktitle = 	 {PACT'13 IEEE International Conference on Parallel Architecture
                  and Compilation Techniques},
  year =	 2004,
  pages =	 {7--16},
  month =	 {September},
}

@article{Benabderrahmane,
	author = {Mohamed-Walid Benabderrahmane and Louis-Noel Pouchet and Albert Cohen},
	title = {A Conservative Approach to Handle Full Functions in the Polyhedral Model},
	masid = {5937223}
}

