@other{tiobe11,
  author =   {\mbox{TIOBE Software BV}},
  title =    {{TIOBE} Programming Community Index},
  year =   {2011},
  month =    jan,
  howpublished={\url{http://www.tiobe.com/index.php/content/paperinfo/tpci/index.html}}
}
@ONLINE{dragonegg,
  author = {Duncan Sands},
  title = {DragonEgg - Using LLVM as a GCC backend},
  url = {http://dragonegg.llvm.org/}
}
@ONLINE{clang,
	title = {clang: a C language family frontend for LLVM},
	url = {http://clang.llvm.org/},
}

@inproceedings{uday08pldi,
 author = {Bondhugula, Uday and Hartono, Albert and Ramanujam, J. and Sadayappan, P.},
 title = {A practical automatic polyhedral parallelizer and locality optimizer},
 booktitle = {Proceedings of the 2008 ACM SIGPLAN conference on Programming language design and implementation},
 series = {PLDI '08},
 year = {2008},
 pages = {101--113},
 acmid = {1375595},
} 
@InProceedings{benabderrahmane.10.cc,
  author =   { Mohamed-Walid Benabderrahmane and Louis-No{\"e}l Pouchet and Albert Cohen and C{\'e}dric Bastoul  },
  title =    { The Polyhedral Model Is More Widely Applicable Than You Think.  },
  booktitle = { ETAPS International Conference on Compiler Construction (CC'2010) },
  pages =    {283--303},
  year =   {2010},
  month =    mar,
}
@InProceedings{Bas04b,
  author = 	 {C\'{e}dric Bastoul},
  title = 	 {Code Generation in the Polyhedral Model Is Easier Than You Think},
  booktitle = 	 {PACT'13 IEEE International Conference on Parallel Architecture
                  and Compilation Techniques},
  year =	 2004,
  pages =	 {7--16},
  month =	 {September},
}
@techreport{c99,
    author = {{ISO}},
    institution = {ISO/IEC},
    keywords = {c-language, foundation},
    number = {WG14 N1256},
    title = {{The ANSI C standard (C99)}},
    year = {1999}
}

@inproceedings{Bachmann:1994,                                                   
 author = {Bachmann, Olaf and Wang, Paul S. and Zima, Eugene V.},               
 title = {Chains of recurrences - a method to expedite the evaluation of closed-form functions},
 booktitle = {Proceedings of the international symposium on Symbolic and algebraic computation},
 series = {ISSAC '94},                                                          
 year = {1994},                                                                 
 location = {Oxford, United Kingdom},                                           
 pages = {242--249},                                                            
}   
@INPROCEEDINGS{Engelen01,                                                       
    author = {Robert A. Van Engelen},                                           
    title = {Efficient Symbolic Analysis for Optimizing Compilers},             
    booktitle = {In Proceedings of the International Conference on Compiler Construction},
    series = {ETAPS CC 'O1},                                                    
    year = {2001},                                                              
    pages = {118--132}                                                          
}    
@book{coussy2008high,
  title={{High-Level Synthesis: From Algorithm to Digital Circuit}},
  author={Coussy, P. and Morawiec, A.},
  url={http://books.google.com/books?id=lEWRGB5JlHkC},
  year={2008},
  publisher={Springer}
}
@incollection{RISSET:2008,
    title = { {H}igh-{L}evel {S}ynthesis of {L}oops {U}sing the {P}olyhedral
{M}odel},
    author = {{R}isset, {T}anguy and {D}errien, {S}teven and {Q}uinton,
{P}atrice and {R}ajopadhye, {S}anjay},
    booktitle = {{H}igh-{L}evel {S}ynthesis : {F}rom {A}lgorithm to {D}igital
{C}ircuit },
    pages = {215-230 },
    editor = {{P}. {C}oussy and {A}. {M}orawiec },
    year = {2008},
}

@incollection {Baskaran10,
   author = {Baskaran, Muthu and Ramanujam, J. and Sadayappan, P.},
   affiliation = {The Ohio State University USA},
   title = {Automatic {C-to-CUDA} Code Generation for Affine Programs},
   booktitle = {Compiler Construction},
   series = {Lecture Notes in Computer Science},
   isbn = {},
   pages = {244-263},
   volume = {6011},
   year = {2010}
}
@inproceedings{Baghdadi_puttingautomatic,
    title = { {P}utting {A}utomatic {P}olyhedral {C}ompilation for {GPGPU} to {W}ork},
    author = {{B}aghdadi, {S}oufiane and {G}r{\"o}{\ss}linger, {A}rmin and {C}ohen, {A}lbert},
    booktitle = {{P}roceedings of the 15th {W}orkshop on {C}ompilers for {P}arallel {C}omputers ({CPC}'10) },
    month = {07},
    year = {2010},
}
@inproceedings{Johnson,
 author = {Johnson, Richard and Pearson, David and Pingali, Keshav},
 title = {The program structure tree: computing control regions in linear time},
 booktitle = {Proceedings of the ACM SIGPLAN 1994 conference on Programming language design and implementation},
 series = {PLDI '94},
 year = {1994},
 pages = {171--185},
 numpages = {15},
} 
@article {girbal,
   author = {Girbal, Sylvain and Vasilache, Nicolas and Bastoul, CÃ©dric and Cohen, Albert and Parello, David and Sigler, Marc and Temam, Olivier},
   affiliation = {Paris-Sud 11 University ALCHEMY Group, INRIA Futurs and LRI Orsay Cedex France},
   title = {Semi-Automatic Composition of Loop Transformations for Deep Parallelism and Memory Hierarchies},
   journal = {International Journal of Parallel Programming},
   pages = {261-317},
   volume = {34},
   issue = {3},
   year = {2006}
}
@ARTICLE{Feautrier88parametricinteger,
    author = {Paul Feautrier},
    title = {Parametric Integer Programming},
    journal = {RAIRO Recherche Op'erationnelle},
    year = {1988},
    volume = {22}
}
@incollection {Verdoolaege10,
   author = {Verdoolaege, Sven},
   affiliation = {Department of Computer Science, Katholieke Universiteit Leuven, Belgium},
   title = {ISL: An Integer Set Library for the Polyhedral Model},
   booktitle = {Mathematical Software - ICMS 2010},
   series = {Lecture Notes in Computer Science},
   pages = {299-302},
   volume = {6327},
   year = {2010}
}
@incollection {loopo,
   author = {Griebl, Martin and Lengauer, Christian},
   title = {The loop parallelizer {LooPo}},
   booktitle = {Languages and Compilers for Parallel Computing},
   series = {Lecture Notes in Computer Science},
   pages = {603-604},
   volume = {1239},
   year = {1997}
}
%% inria-00551516, version 1
%% http://hal.archives-ouvertes.fr/inria-00551516/en/
@inproceedings{TRIFUNOVIC:2010,
    title = { {GRAPHITE} {T}wo {Y}ears {A}fter: {F}irst {L}essons {L}earned {F}rom {R}eal-{W}orld {P}olyhedral {C}ompilation},
    author = {{T}rifunovic, {K}onrad and {C}ohen, {A}lbert and {E}delsohn, {D}avid and {L}i, {F}eng and {G}rosser, {T}obias and {J}agasia, {H}arsha and {L}adelsky, {R}azya and {P}op, {S}ebastian and {S}j{\"o}din, {J}an and {U}padrasta, {R}amakrishna},
    language = {{E}nglish},
    affiliation = {{ALCHEMY} - {INRIA} {S}aclay - {I}le de {F}rance - {INRIA} - {CNRS} : {UMR}8623 - {U}niversit{\'e} {P}aris {S}ud - {P}aris {XI} - {IBM} {T}homas {J}. {W}atson {R}esearch {C}enter - {IBM} - {X}i'an {J}iaotong {U}niversity [{C}hine] - {X}i'an {J}iaotong {U}niversity - {D}epartment of {I}nformatics and {M}athematics, {P}rogramming {G}roup - {FIM} - {U}niversity of {P}assau, {G}ermany - {C}ompiler {P}erformance {E}ngineering [{A}ustin] - {A}dvanced {M}icro {D}evices - {IBM} {R}esearch [{HAIFA}] - {IBM} {R}\&{D} {L}abs in {I}srael - {A}dvanced {M}icro {D}evices [{A}ustin] - {AMD} - {A}dvanced {M}icro {D}evices },
    booktitle = {{GCC} {R}esearch {O}pportunities {W}orkshop ({GROW}'10) },
    address = {{P}isa {I}taly },
    month = jan, 
    year = {2010},
}
@article{10.1109/CGO.2004.1281665,
author = {Chris Lattner and Vikram Adve},
title = {{LLVM}: A Compilation Framework for Lifelong Program Analysis \& Transformation},
journal ={Code Generation and Optimization, IEEE/ACM International Symposium on},
volume = {0},
year = {2004},
pages = {75},
}
@misc{rfc4627,
  author="D. Crockford",
  title="{The application/json Media Type for JavaScript Object Notation (JSON)}",
  series="Request for Comments",
  number="4627",
  howpublished="RFC 4627 (Informational)",
  publisher="IETF",
  organization="Internet Engineering Task Force",
  year=2006,
  month=jul,
  url="http://www.ietf.org/rfc/rfc4627.txt",
}
