@ARTICLE{margentern,
author = {Maurice Margenstern and Gheorghe P\u{a}un and Yurii Rogozhin and Sergey Verlan},
title = {Context-free insertion-deletion systems},
journal = {Theoretical Computer Science},
year = {2005},
volume = {330},
pages = {339-348},
number = {2},
DOI = {10.1016/j.tcs.2004.06.031} 
}

@article{akihiro,
  author    = {Akihiro Takahara and
               Takashi Yokomori},
  title     = {On the computational power of insertion-deletion systems},
  journal   = {Natural Computing},
  volume    = {2},
  number    = {4},
  year      = {2003},
  pages     = {321-336},
  ee        = {http://dx.doi.org/10.1023/B:NACO.0000006769.27984.23},
  bibsource = {DBLP, http://dblp.uni-trier.de}
}

@ARTICLE{verlan,
author = {Sergey Verlan},
title = {On Minimal Context-Free Insertion-Deletion Systems},
journal = {Journal of Automata, Languages and Combinatorics},
year = {2007},
volume = {12},
pages = {317-328},
number = {1-2},

}
@article{madhu,
  author    = {Madhu Mutyam and
               Kamala Krithivasan and
               A. Siddhartha Reddy},
  title     = {On Characterizing Recursively Enumerable Languages by Insertion
               Grammars},
  journal   = {Fundam. Inform.},
  volume    = {64},
  number    = {1-4},
  year      = {2005},
  pages     = {317-324},
  ee        = {http://iospress.metapress.com/openurl.asp?genre=article{\&}issn=0169-2968{\&}volume=64{\&}issue=1{\&}spage=317},
  bibsource = {DBLP, http://dblp.uni-trier.de}
}


