@InProceedings{cloog,
	author =        {Bastoul, C\'{e}dric},
	title =         {Code Generation in the Polyhedral Model Is Easier Than You Think},
	booktitle =     {{PACT'13 IEEE} International Conference on Parallel Architecture and Compilation Techniques},
	keywords =      {Iterative Polyhedral Transformations},
	year =          2004,
	pages =         {7--16},
	month =         sep,
	address =       {Juan-les-Pins, France},
	note = 	  {Classement CORE~:~A, nombre de papiers accept\'es~:~23, soumis~:~122, student award},
	URL =           {http://hal.ccsd.cnrs.fr/ccsd-00017260},
	pdf =           {http://hal.ccsd.cnrs.fr/docs/00/05/52/29/PDF/bastoul2004code.pdf}
}


@misc{pollywiki,
	title = {Polly Project Page},
	howpublished = {http://wiki.llvm.org/Polyhedral\_optimization\_framework}
}

@misc{lice,
	title = {{LLVM} Lincence Document},
	howpublished = {http://llvm.org/releases/2.8/LICENSE.TXT}
}
@misc{llvm,
	title = {{LLVM} Project Home Page},
	howpublished = {http://llvm.org}
}


@misc{parfor,
	title =  {Implementing {FOR}},
	howpublished = {http://gcc.gnu.org/onlinedocs/libgomp/Implementing-FOR-construct.html}
}

@misc{kaleid,
	title = {{LLVM} Function Code Generation},
	howpublished = {http://llvm.org/docs/tutorial/LangImpl3.html\#funcs}
}

@misc{libgomp,
	title =         {libgomp Manual},
	howpublished = {http://gcc.gnu.org/onlinedocs/libgomp/}
}
@misc{clang,
	title = {Clang Project Home page},
	howpublished = {http://clang.llvm.org}
}


@article{pgo,
	author = {R. Gupta and E. Mehofer and Y. Zhan},
	publisher = {CRC Press},
	journal =     {The Compiler Design Handbook: Optimizations and Machine Code Generation},
	title = {Profile Guided Compiler Optimization},
	year = 2002
}
@article{scop,
	author = {Sebastian Pop},
	journal =     {GREPS: International Workshop on GCC for Research in Embedded and Parallel Systems},
	title = {Towards a Declarative Polyhedral Representation}
}
@MastersThesis{openmp,
	author     =     {J. Stadler},
	title     =     {Towards dynamic threading support for OpenMP},
	address     =     {ETH Zurich},
	year     =     {2009},
	month     =     {Jan}
}

@inproceedings{pluto,
	author = {Bondhugula, Uday and Hartono, Albert and Ramanujam, J. and Sadayappan, P.},
	title = {A practical automatic polyhedral parallelizer and locality optimizer},
	booktitle = {Proceedings of the 2008 ACM SIGPLAN conference on Programming language design and implementation},
	series = {PLDI '08},
	year = {2008},
	isbn = {978-1-59593-860-2},
	location = {Tucson, AZ, USA},
	pages = {101--113},
	numpages = {13},
	url = {http://doi.acm.org/10.1145/1375581.1375595},
	doi = {http://doi.acm.org/10.1145/1375581.1375595},
	acmid = {1375595},
	publisher = {ACM},
	address = {New York, NY, USA},
	keywords = {affine transformations, automatic parallelization, locality optimization, loop transformations, polyhedral model, tiling},
} 

